<record><leader>00000cas a22000007a 4500</leader><controlfield tag="001">11357371</controlfield><controlfield tag="008">841107d18741888iauwr ne      0    0eng d</controlfield><datafield ind1=" " ind2=" " tag="010"><subfield code="a">sn 84038600 </subfield></datafield><datafield ind1=" " ind2=" " tag="040"><subfield code="a">NPX</subfield><subfield code="b">eng</subfield><subfield code="c">NPX</subfield><subfield code="d">INP</subfield><subfield code="d">MGN</subfield><subfield code="d">OCLCQ</subfield></datafield><datafield ind1=" " ind2=" " tag="042"><subfield code="a">msc</subfield></datafield><datafield ind1="0" ind2="4" tag="245"><subfield code="a">The Webster City Argus.</subfield></datafield><datafield ind1="3" ind2="0" tag="246"><subfield code="a">Argus</subfield></datafield><datafield ind1=" " ind2=" " tag="260"><subfield code="a">Webster City, Hamilton County, Iowa :</subfield><subfield code="b">Auyer &amp; Edwards</subfield></datafield><datafield ind1=" " ind2=" " tag="300"><subfield code="a">v. :</subfield><subfield code="b">ill. (chiefly advertisements) ;</subfield><subfield code="c">50 cm.</subfield></datafield><datafield ind1=" " ind2=" " tag="310"><subfield code="a">Weekly</subfield></datafield><datafield ind1="1" ind2=" " tag="362"><subfield code="a">Began in July 1874; ceased in 1888. Cf. Bibl. of Iowa newspapers.</subfield></datafield><datafield ind1=" " ind2=" " tag="500"><subfield code="a">Publishers: S.T. Edwards, &lt;Aug. 29, 1876&gt;; Clark &amp; Hellen, &lt;Aug. 27, 1880&gt;.</subfield></datafield><datafield ind1=" " ind2=" " tag="500"><subfield code="a">Editors: C.D. Auyer and S.T. Edwards, &lt;1874&gt;; Will L. Clark &amp; Cha's. D. Hellen, &lt;Aug. 27, 1880&gt;.</subfield></datafield><datafield ind1=" " ind2=" " tag="588"><subfield code="a">Description based on: Vol. 1, no. 5 (Aug. 7, 1874).</subfield></datafield><datafield ind1=" " ind2=" " tag="752"><subfield code="a">United States</subfield><subfield code="b">Iowa</subfield><subfield code="c">Hamilton</subfield><subfield code="d">Webster City.</subfield></datafield></record>